@inproceedings{konect,
 author = {Kunegis, J{\'e}r\^{o}me},
 title = {KONECT: The Koblenz Network Collection},
 booktitle = {Proceedings of the 22Nd International Conference on World Wide Web},
 series = {WWW '13 Companion},
 year = {2013},
 isbn = {978-1-4503-2038-2},
 location = {Rio de Janeiro, Brazil},
 pages = {1343--1350},
 numpages = {8},
 url = {http://doi.acm.org/10.1145/2487788.2488173},
 doi = {10.1145/2487788.2488173},
 acmid = {2488173},
 publisher = {ACM},
 address = {New York, NY, USA},
 keywords = {network analysis, web observatory},
}

@book{screen,
 author = {Gnu Screen Team},
 title = {GNU Screen: The Virtual Terminal Manager},
 year = {2015},
 isbn = {9789888381395, 9888381393},
 publisher = {Samurai Media Limited},
 address = {United Kingdom},
}

@article{parallel,
  added-at = {2016-01-18T15:13:04.000+0100},
  address = {Frederiksberg, Denmark},
  author = {Tange, O.},
  biburl = {https://www.bibsonomy.org/bibtex/2ab8ea12a0dffc7a4f4d5e972c8fb4ad8/fezett},
  doi = {10.5281/zenodo.16303},
  interhash = {b829bb54862d2644509ad3d5fa2a2e09},
  intrahash = {ab8ea12a0dffc7a4f4d5e972c8fb4ad8},
  journal = {;login: The USENIX Magazine},
  keywords = {imported},
  month = Feb,
  number = 1,
  pages = {42-47},
  timestamp = {2016-01-18T15:15:28.000+0100},
  title = {GNU Parallel - The Command-Line Power Tool},
  url = {http://www.gnu.org/s/parallel},
  volume = 36,
  year = 2011
}

@article{valgrind,
 author = {Nethercote, Nicholas and Seward, Julian},
 title = {Valgrind: A Framework for Heavyweight Dynamic Binary Instrumentation},
 journal = {SIGPLAN Not.},
 issue_date = {June 2007},
 volume = {42},
 number = {6},
 month = jun,
 year = {2007},
 issn = {0362-1340},
 pages = {89--100},
 numpages = {12},
 url = {http://doi.acm.org/10.1145/1273442.1250746},
 doi = {10.1145/1273442.1250746},
 acmid = {1250746},
 publisher = {ACM},
 address = {New York, NY, USA},
 keywords = {Memcheck, Valgrind, dynamic binary analysis, dynamic binary instrumentation, shadow values},
}

@inproceedings{sandersschulz2013,
             AUTHOR = {Sanders, Peter and Schulz, Christian},
             TITLE = {{Think Locally, Act Globally: Highly Balanced Graph Partitioning}},
             BOOKTITLE = {Proceedings of the 12th International Symposium on Experimental Algorithms (SEA'13)},
             SERIES = {LNCS},
             PUBLISHER = {Springer},
             YEAR = {2013},
             VOLUME = {7933},
             PAGES = {164--175}
}

@article{bgs,
  author    = {Surender Baswana and
               Manoj Gupta and
               Sandeep Sen},
  title     = {Fully dynamic maximal matching in O(log n) update time},
  journal   = {CoRR},
  volume    = {abs/1103.1109},
  year      = {2011},
  url       = {http://arxiv.org/abs/1103.1109},
  archivePrefix = {arXiv},
  eprint    = {1103.1109},
  timestamp = {Mon, 13 Aug 2018 16:49:09 +0200},
  biburl    = {https://dblp.org/rec/bib/journals/corr/abs-1103-1109},
  bibsource = {dblp computer science bibliography, https://dblp.org}
}

@article{ns,
  author    = {Ofer Neiman and
               Shay Solomon},
  title     = {Deterministic Algorithms for Fully Dynamic Maximal Matching},
  journal   = {CoRR},
  volume    = {abs/1207.1277},
  year      = {2012},
  url       = {http://arxiv.org/abs/1207.1277},
  archivePrefix = {arXiv},
  eprint    = {1207.1277},
  timestamp = {Mon, 13 Aug 2018 16:47:32 +0200},
  biburl    = {https://dblp.org/rec/bib/journals/corr/abs-1207-1277},
  bibsource = {dblp computer science bibliography, https://dblp.org}
}

@article{meyerhenkebergamini17,
  author    = {Elisabetta Bergamini and
               Pierluigi Crescenzi and
               Gianlorenzo D'Angelo and
               Henning Meyerhenke and
               Lorenzo Severini and
               Yllka Velaj},
  title     = {Improving the betweenness centrality of a node by adding links},
  journal   = {CoRR},
  volume    = {abs/1702.05284},
  year      = {2017},
  url       = {http://arxiv.org/abs/1702.05284},
  archivePrefix = {arXiv},
  eprint    = {1702.05284},
  timestamp = {Mon, 13 Aug 2018 16:46:45 +0200},
  biburl    = {https://dblp.org/rec/bib/journals/corr/BergaminiCDMSV17},
  bibsource = {dblp computer science bibliography, https://dblp.org}
}

@article {berge57,
	author = {Berge, Claude},
	title = {TWO THEOREMS IN GRAPH THEORY},
	volume = {43},
	number = {9},
	pages = {842--844},
	year = {1957},
	doi = {10.1073/pnas.43.9.842},
	publisher = {National Academy of Sciences},
	issn = {0027-8424},
	URL = {http://www.pnas.org/content/43/9/842},
	eprint = {http://www.pnas.org/content/43/9/842.full.pdf},
	journal = {Proceedings of the National Academy of Sciences}
}

@INPROCEEDINGS{hopkarp71,
author={J. E. Hopcroft and R. M. Karp},
booktitle={12th Annual Symposium on Switching and Automata Theory (swat 1971)},
title={A n5/2 algorithm for maximum matchings in bipartite},
year={1971},
volume={},
number={},
pages={122-125},
keywords={Bipartite graph;Sparse matrices;Algorithms;Transportation;Tree graphs;Computational complexity},
doi={10.1109/SWAT.1971.1},
ISSN={0272-4847},
month={Oct}
}

@inproceedings{konect:dbpedia,
        author = {SÃ¶ren Auer and Christian Bizer and Georgi Kobilarov
                  and Jens Lehmann and Richard Cyganiak and Zachary
                  Ives},
        title = {{DBpedia}: A Nucleus for a Web of Open Data },
        booktitle = {Proc. Int. Semantic Web Conf.},    
        pages = {722--735},
        year = {2008}
}

@MISC{konect:editen,
    title = {Wiktionary (en) network dataset -- {KONECT}},
    month = apr,
    year = {2017},
    url = {http://konect.uni-koblenz.de/networks/edit-enwiktionary}
}

@MISC{konect:editfr,
    title = {Wiktionary (fr) network dataset -- {KONECT}},
    month = apr,
    year = {2017},
    url = {http://konect.uni-koblenz.de/networks/edit-frwiktionary}
}


@inproceedings{konect:facebook,
        author = {Viswanath, Bimal and Mislove, Alan and Cha, Meeyoung
                  and Gummadi, Krishna P.},
        title = {On the Evolution of User Interaction in {Facebook}},
        booktitle = {Proc. Workshop on Online Social Networks},
        year = {2009},
        pages = {37--42},
 }


@inproceedings{konect:flickr,
	title = {Growth of the {Flickr} Social Network},
	author = {Alan Mislove and Hema Swetha Koppula and Krishna
                  P. Gummadi and Peter Druschel and Bobby
                  Bhattacharjee}, 
	booktitle = {Proc. Workshop on Online Social Networks},
	year = {2008},
	pages = {25--30}, 
	notes = {
#: The wosn datasets ( Flickr Links (147MB) YouTube (directed) Links (210MB) YouTube (undirected) Links (920MB) Internet Links (546KB) Wikipedia Links (271MB)), from http://socialnetworks.mpi-sws.org/data-wosn2008.html
	},
}


@MISC{konect:dewiki,
    title = {Wikipedia, de (dynamic) network dataset -- {KONECT}},
    month = apr,
    year = {2017},
    url = {http://konect.uni-koblenz.de/networks/link-dynamic-dewiki}
}

@MISC{konect:frwiki,
    title = {Wikipedia, fr (dynamic) network dataset -- {KONECT}},
    month = apr,
    year = {2017},
    url = {http://konect.uni-koblenz.de/networks/link-dynamic-frwiki}
}

@MISC{konect:itwiki,
    title = {Wikipedia, it (dynamic) network dataset -- {KONECT}},
    month = apr,
    year = {2017},
    url = {http://konect.uni-koblenz.de/networks/link-dynamic-itwiki}
}

@MISC{konect:nlwiki,
    title = {Wikipedia, nl (dynamic) network dataset -- {KONECT}},
    month = apr,
    year = {2017},
    url = {http://konect.uni-koblenz.de/networks/link-dynamic-nlwiki}
}

@MISC{konect:plwiki,
    title = {Wikipedia, pl (dynamic) network dataset -- {KONECT}},
    month = apr,
    year = {2017},
    url = {http://konect.uni-koblenz.de/networks/link-dynamic-plwiki}
}

@MISC{konect:simplewiki,
    title = {Wikipedia, simple en (dynamic) network dataset -- {KONECT}},
    month = apr,
    year = {2017},
    url = {http://konect.uni-koblenz.de/networks/link-dynamic-simplewiki}
}

@MISC{konect:livejournal,
    title = {LiveJournal network dataset -- {KONECT}},
    month = apr,
    year = {2017},
    url = {http://konect.uni-koblenz.de/networks/livejournal-groupmemberships}
}

@MISC{konect:orkut,
    title = {Orkut network dataset -- {KONECT}},
    month = apr,
    year = {2017},
    url = {http://konect.uni-koblenz.de/networks/orkut-groupmemberships}
}